% Fixed Bibliography file for geometric deep learning thesis
% All duplicates removed, missing entries added, empty fields fixed

@article{agrawala1980wigner,
  title={Wigner-Eckart theorem for an arbitrary group or Lie algebra},
  author={Agrawala, Vishnu},
  journal={Journal of Mathematical Physics},
  volume={21},
  year={1980},
  doi={10.1063/1.524639}
}

% Fix for missing agrawalla1980WignerEckart (alternative spelling)
@article{agrawalla1980WignerEckart,
  title={Wigner-Eckart theorem for an arbitrary group or Lie algebra},
  author={Agrawala, Vishnu},
  journal={Journal of Mathematical Physics},
  volume={21},
  year={1980},
  doi={10.1063/1.524639}
}

@article{anderson2019cormorant,
  title={Cormorant: Covariant molecular neural networks},
  author={Anderson, Brandon and Hy, Truong-Son and Kondor, Risi},
  journal={arXiv preprint arXiv:1906.04015},
  year={2019}
}

@inproceedings{andrearczyk2019exploring,
  title={Exploring local rotation invariance in 3d cnns with steerable filters},
  author={Andrearczyk, Vincent and Fageot, Julien and Oreiller, Valentin and Montet, Xavier and Depeursinge, Adrien},
  booktitle={International Conference on Medical Imaging with Deep Learning},
  pages={15--26},
  year={2019},
  organization={PMLR}
}

@article{azulay2018shift,
  title={Why do deep convolutional networks generalize so poorly to small image transformations?},
  author={Azulay, Aharon and Weiss, Yair},
  journal={Journal of Machine Learning Research},
  volume={20},
  number={184},
  pages={1--25},
  year={2019}
}

@article{banerjee2020volterranet,
  title={Volterranet: A higher order convolutional network with group equivariance for homogeneous manifolds},
  author={Banerjee, Monami and Chakraborty, Rudrasis and Bouza, Jose and Vemuri, Baba C},
  journal={IEEE Transactions on Pattern Analysis and Machine Intelligence},
  year={2020},
  publisher={IEEE}
}

@article{batzner2021se3equivariant,
  title={SE(3)-equivariant graph neural networks for data-efficient and accurate interatomic potentials},
  author={Batzner, Simon and Smidt, Tess and Sun, Lixin and Mailoa, Jonathan and Kornbluth, Mordechai and Molinari, Nicola and Kozinsky, Boris},
  journal={arXiv preprint arXiv:2101.03164},
  year={2021}
}

@inproceedings{bekkers2020bspline,
  title={B-spline CNNs on Lie groups},
  author={Bekkers, Erik},
  booktitle={International Conference on Learning Representations (ICLR)},
  year={2020}
}

@inproceedings{bekkers2018roto,
  title={Roto-translation covariant convolutional networks for medical image analysis},
  author={Bekkers, Erik and Lafarge, Maxime W and Veta, Mitko and Eppenhof, Koen AJ and Pluim, Josien PW and Duits, Remco},
  booktitle={International Conference on Medical Image Computing and Computer-Assisted Intervention (MICCAI)},
  year={2018}
}

@article{benhamu2018multichart,
  title={Multi-chart generative surface modeling},
  author={Ben-Hamu, Heli and Maron, Haggai and Kezurer, Itay and Avineri, Gal and Lipman, Yaron},
  journal={arXiv preprint arXiv:1806.02143},
  year={2018}
}

@article{blatt1994canonical,
  title={The canonical coordinates method for pattern recognition- II. isomorphisms with affine transformations},
  author={Blatt, Naomi and Rubinstein, Jacob},
  journal={Pattern recognition},
  volume={27},
  number={1},
  pages={99--107},
  year={1994}
}

@article{bloem2019probabilistic,
  title={Probabilistic symmetry and invariant neural networks},
  author={Bloem-Reddy, Benjamin and Teh, Yee Whye},
  journal={arXiv preprint arXiv:1901.06082},
  year={2019}
}

@article{alex2020lorentz,
  title={Lorentz group equivariant neural network for particle physics},
  author={Bogatskiy, Alexander and Anderson, Brandon and Offermann, Jan and Roussi, Marwah and Miller, David and Kondor, Risi},
  journal={International Conference on Machine Learning},
  year={2020}
}

@inproceedings{boomsma2017spherical,
  title={Spherical convolutions and their application in molecular modelling},
  author={Boomsma, Wouter and Frellsen, Jes},
  booktitle={Conference on Neural Information Processing Systems (NeurIPS)},
  year={2017}
}

@inproceedings{boscaini2015learning,
  title={Learning class-specific descriptors for deformable shapes using localized spectral convolutional networks},
  author={Boscaini, Davide and Masci, Jonathan and Melzi, Simone and Bronstein, Michael M and Castellani, Umberto and Vandergheynst, Pierre},
  booktitle={Computer Graphics Forum},
  volume={34},
  pages={13--23},
  year={2015},
  organization={Wiley Online Library}
}

@inproceedings{boscaini2016learning,
  title={Learning shape correspondence with anisotropic convolutional neural networks},
  author={Boscaini, Davide and Masci, Jonathan and Rodolà, Emanuele and Bronstein, Michael},
  booktitle={Conference on Neural Information Processing Systems (NeurIPS)},
  pages={3189--3197},
  year={2016}
}

@article{boyle2016should,
  title={How should spin-weighted spherical functions be defined?},
  author={Boyle, Michael},
  journal={Journal of Mathematical Physics},
  volume={57},
  number={9},
  pages={092504},
  year={2016}
}

@article{bronstein2017geometric,
  title={Geometric deep learning: going beyond euclidean data},
  author={Bronstein, Michael M and Bruna, Joan and LeCun, Yann and Szlam, Arthur and Vandergheynst, Pierre},
  journal={IEEE Signal Processing Magazine},
  volume={34},
  number={4},
  pages={18--42},
  year={2017}
}

@article{bronstein2021geometric,
  title={Geometric deep learning: Grids, groups, graphs, geodesics, and gauges},
  author={Bronstein, Michael M and Bruna, Joan and Cohen, Taco and Veličković, Petar},
  journal={arXiv preprint arXiv:2104.13478},
  year={2021}
}

@article{bruna2013invariant,
  title={Invariant scattering convolution networks},
  author={Bruna, Joan and Mallat, Stéphane},
  journal={IEEE transactions on pattern analysis and machine intelligence},
  volume={35},
  number={8},
  pages={1872--1886},
  year={2013}
}

@article{bruna2013spectral,
  title={Spectral networks and locally connected networks on graphs},
  author={Bruna, Joan and Zaremba, Wojciech and Szlam, Arthur and LeCun, Yann},
  journal={arXiv preprint arXiv:1312.6203},
  year={2013}
}

@article{budninskiy2018parallel,
  title={Parallel transport unfolding: A connection-based manifold learning approach},
  author={Budninskiy, Max and Yin, Glorian and Feng, Leman and Tong, Yiying and Desbrun, Mathieu},
  journal={ACM Transactions on Graphics},
  volume={37},
  number={6},
  pages={1--13},
  year={2018}
}

@book{carroll2004spacetime,
  title={Spacetime and geometry. An introduction to general relativity},
  author={Carroll, Sean M},
  year={2004},
  publisher={Addison Wesley}
}

@article{casasent1987real,
  title={Real-time deformation invariant optical pattern recognition using coordinate transformations},
  author={Casasent, David and Xia, Shao-Feng and Lee, Andrew J and Song, Jian-Zhong},
  journal={Applied optics},
  volume={26},
  number={5},
  pages={938--942},
  year={1987}
}

@article{ceccherini2009induced,
  title={Induced representations and mackey theory},
  author={Ceccherini-Silberstein, Tullio and Machì, A and Scarabotti, Fabio and Tolli, Filippo},
  journal={Journal of Mathematical Sciences},
  volume={156},
  number={1},
  pages={11--28},
  year={2009}
}

@article{celledoni2020structure,
  title={Structure preserving deep learning},
  author={Celledoni, Elena and Ehrhardt, Matthias J and Etmann, Christian and McLachlan, Robert I and Owren, Brynjulf and Schönlieb, Carola-Bibiane and Sherry, Ferdia},
  journal={European Journal of Applied Mathematics},
  volume={32},
  number={5},
  pages={888--936},
  year={2021}
}

@article{chakraborty2018H-CNNs,
  title={H-CNNs: convolutional neural networks for Riemannian homogeneous spaces},
  author={Chakraborty, Rudrasis and Banerjee, Monami and Vemuri, Baba},
  journal={arXiv preprint arXiv:1805.05487},
  year={2018}
}

@article{chakraborty2018manifoldnet,
  title={Manifoldnet: A deep network framework for manifold-valued data},
  author={Chakraborty, Rudrasis and Bouza, Jose and Manton, Jonathan and Vemuri, Baba C},
  journal={arXiv preprint arXiv:1809.06211},
  year={2018}
}

@article{chami2019hyperbolic,
  title={Hyperbolic graph convolutional neural networks},
  author={Chami, Ines and Ying, Rex and Ré, Christopher and Leskovec, Jure},
  journal={Advances in neural information processing systems},
  volume={32},
  pages={4869--4879},
  year={2019}
}

@article{chavan2021rescaling,
  title={Rescaling cnn through learnable repetition of network parameters},
  author={Chavan, Arnav and Bamba, Udbhav and Tiwari, Rishabh and Gupta, Deepak},
  journal={arXiv preprint arXiv:2101.05650},
  year={2021}
}

@article{chidester2019rotation,
  title={Rotation equivariant and invariant neural networks for microscopy image analysis},
  author={Chidester, Benjamin and Zhou, Tianming and Do, Minh N and Ma, Jian},
  journal={Bioinformatics},
  volume={35},
  number={14},
  pages={i530--i537},
  year={2019}
}

@book{chirikjian2001engineering,
  title={Engineering applications of noncommutative harmonic analysis with emphasis on rotation and motion groups},
  author={Chirikjian, Gregory and Kyatkin, Alexander},
  year={2001},
  publisher={CRC press}
}

@article{chirikjian1998numerical,
  title={Numerical convolution on the euclidean group with applications to workspace generation},
  author={Chirikjian, Gregory S and Ebert-Uphoff, Imme},
  journal={IEEE Transactions on Robotics and Automation},
  volume={14},
  number={1},
  pages={123--136},
  year={1998}
}

@inproceedings{Cohen2016-GCNN,
  title={Group equivariant convolutional networks},
  author={Cohen, Taco S and Welling, Max},
  booktitle={International Conference on Machine Learning (ICML)},
  year={2016}
}

@inproceedings{Cohen2017-STEER,
  title={Steerable CNNs},
  author={Cohen, Taco S and Welling, Max},
  booktitle={International Conference on Learning Representations (ICLR)},
  year={2017}
}

@inproceedings{Cohen2018-S2CNN,
  title={Spherical CNNs},
  author={Cohen, Taco S and Geiger, Mario and Köhler, Jonas and Welling, Max},
  booktitle={International Conference on Learning Representations (ICLR)},
  year={2018}
}

@article{Cohen2018-intertwiners,
  title={Intertwiners between induced representations (with applications to the theory of equivariant neural networks)},
  author={Cohen, Taco S and Geiger, Mario and Weiler, Maurice},
  journal={arXiv preprint arXiv:1803.10743},
  year={2018}
}

@inproceedings{Cohen2019-generaltheory,
  title={A general theory of equivariant CNNs on homogeneous spaces},
  author={Cohen, Taco S and Geiger, Mario and Weiler, Maurice},
  booktitle={Conference on Neural Information Processing Systems (NeurIPS)},
  year={2019}
}

@inproceedings{gaugeIco2019,
  title={Gauge equivariant convolutional networks and the Icosahedral CNN},
  author={Cohen, Taco S and Weiler, Maurice and Kicanaoglu, Berkay and Welling, Max},
  booktitle={International Conference on Machine Learning (ICML)},
  year={2019}
}

@inproceedings{coors2018spherenet,
  title={Spherenet: Learning spherical representations for detection and classification in omnidirectional images},
  author={Coors, Benjamin and Paul, Alexandru and Geiger, Andreas},
  booktitle={Proceedings of the European Conference on Computer Vision (ECCV)},
  pages={518--533},
  year={2018}
}

@misc{crainic2013GStructuresExamples,
  title={Linear G-structures by examples},
  author={Crainic, Marius and Pasquotto, Federica},
  year={2013},
  url={http://www.few.vu.nl/~pasquott/course16.pdf}
}

@book{craneDiscreteDifferentialGeometry2014,
  title={Discrete Differential Geometry: An Applied Introduction},
  author={Crane, Keenan},
  year={2014},
  publisher={Carnegie Mellon University}
}

@inproceedings{Crane2020DiscreteConformalGeometry,
  title={Discrete Conformal Geometry},
  author={Crane, Keenan},
  booktitle={Proceedings of Symposia in Applied Mathematics},
  year={2020},
  organization={American Mathematical Society}
}

@article{craneTrivialConnectionsDiscrete2010,
  title={Trivial connections on discrete surfaces},
  author={Crane, Keenan and Desbrun, Mathieu and Schröder, Peter},
  journal={Computer Graphics Forum},
  volume={29},
  number={5},
  pages={1525--1533},
  year={2010},
  doi={10.1111/j.1467-8659.2010.01761.x}
}

@article{Crane2017HeatMethodDistance,
  title={The heat method for distance computation},
  author={Crane, Keenan and Weischedel, Clarisse and Wardetzky, Max},
  journal={Communications of the ACM},
  volume={60},
  number={11},
  pages={90--99},
  year={2017}
}

@article{davidson2018hyperspherical,
  title={Hyperspherical variational auto-encoders},
  author={Davidson, Tim R and Falorsi, Luca and De Cao, Nicola and Kipf, Thomas and Tomczak, Jakub M},
  journal={arXiv preprint arXiv:1804.00891},
  year={2018}
}

@inproceedings{deGoes2016VectorFieldProcessing,
  title={Vector field processing on triangle meshes},
  author={de Goes, Fernando and Desbrun, Mathieu and Tong, Yiying},
  booktitle={ACM SIGGRAPH 2016 Courses},
  pages={1--49},
  year={2016}
}

@article{dehaan2018topological,
  title={Topological constraints on homeomorphic auto-encoding},
  author={de Haan, Pim and Falorsi, Luca},
  journal={arXiv preprint arXiv:1812.10783},
  year={2018}
}

@inproceedings{deHaan2020meshCNNs,
  title={Gauge equivariant mesh CNNs: Anisotropic convolutions on geometric graphs},
  author={de Haan, Pim and Weiler, Maurice and Cohen, Taco and Welling, Max},
  booktitle={International Conference on Learning Representations (ICLR)},
  year={2021}
}

@article{desbrun2005DiscreteExteriorCalculus,
  title={Discrete exterior calculus},
  author={Desbrun, Mathieu and Hirani, Anil N and Leok, Melvin and Marsden, Jerrold E},
  journal={arXiv preprint math/0508341},
  year={2005}
}

@article{dey2020group,
  title={Group equivariant generative adversarial networks},
  author={Dey, Neel and Chen, Antong and Ghafurian, Soheil},
  journal={arXiv preprint arXiv:2005.01683},
  year={2020}
}

% Fix for missing dey2020groupGANs (alternative reference)
@article{dey2020groupGANs,
  title={Group equivariant generative adversarial networks},
  author={Dey, Neel and Chen, Antong and Ghafurian, Soheil},
  journal={arXiv preprint arXiv:2005.01683},
  year={2020}
}

@inproceedings{dieleman2016exploiting,
  title={Exploiting cyclic symmetry in convolutional neural networks},
  author={Dieleman, Sander and De Fauw, Jeffrey and Kavukcuoglu, Koray},
  booktitle={International Conference on Machine Learning (ICML)},
  year={2016}
}

% Fix for missing Dieleman2016-CYC (alternative reference)
@inproceedings{Dieleman2016-CYC,
  title={Exploiting cyclic symmetry in convolutional neural networks},
  author={Dieleman, Sander and De Fauw, Jeffrey and Kavukcuoglu, Koray},
  booktitle={International Conference on Machine Learning (ICML)},
  year={2016}
}

@misc{din2017representation,
  title={Representation theory of compact groups- lecture notes},
  author={Yom Din, Alexander},
  year={2017},
  url={http://www.math.caltech.edu/~2016-17/2term/ma145b/notes/RepCptGroups.pdf}
}

% Fix for missing din2017reprLectureNotes (alternative reference)
@misc{din2017reprLectureNotes,
  title={Representation theory of compact groups- lecture notes},
  author={Yom Din, Alexander},
  year={2017},
  url={http://www.math.caltech.edu/~2016-17/2term/ma145b/notes/RepCptGroups.pdf}
}

@book{dundas2018differentialTopology,
  title={A Short Course in Differential Topology},
  author={Dundas, Bjørn Ian},
  year={2018},
  publisher={Cambridge University Press}
}

@article{dym2020universality,
  title={On the universality of rotation equivariant point cloud networks},
  author={Dym, Nadav and Maron, Haggai},
  journal={arXiv preprint arXiv:2010.02449},
  year={2020}
}

@inproceedings{eder2019convolutions,
  title={Convolutions on spherical images},
  author={Eder, Marc and Frahm, Jan-Michael},
  booktitle={Proceedings of the IEEE Conference on Computer Vision and Pattern Recognition Workshops},
  year={2019}
}

@inproceedings{eder2020tangent,
  title={Tangent images for mitigating spherical distortion},
  author={Eder, Marc and Shvets, Mykhailo and Lim, John and Frahm, Jan-Michael},
  booktitle={Conference on Computer Vision and Pattern Recognition (CVPR)},
  year={2020}
}

@article{Einstein1916English,
  title={The Foundation of the General Theory of Relativity (English translation)},
  author={Einstein, Albert},
  journal={Annalen der Physik},
  volume={354},
  number={7},
  pages={769--822},
  year={1916}
}

@article{Einstein1916German,
  title={Die Grundlage der allgemeinen Relativitätstheorie},
  author={Einstein, Albert},
  journal={Annalen der Physik},
  volume={354},
  number={7},
  pages={769--822},
  year={1916},
  doi={https://doi.org/10.1002/andp.19163540702}
}

@inproceedings{elcott2005building,
  title={Building your own dec at home},
  author={Elcott, Sharif and Schröder, Peter},
  booktitle={ACM SIGGRAPH 2005 Courses},
  pages={8--es},
  year={2005}
}

@article{esteves2020theoretical,
  title={Theoretical aspects of group equivariant neural networks},
  author={Esteves, Carlos},
  journal={arXiv preprint arXiv:2004.05154},
  year={2020}
}

@inproceedings{esteves2018zonalSpherical,
  title={Learning SO(3) equivariant representations with spherical CNNs},
  author={Esteves, Carlos and Allen-Blanchette, Christine and Makadia, Ameesh and Daniilidis, Kostas},
  booktitle={European Conference on Computer Vision (ECCV)},
  year={2018}
}

@article{esteves2017polar,
  title={Polar transformer networks},
  author={Esteves, Carlos and Allen-Blanchette, Christine and Zhou, Xiaowei and Daniilidis, Kostas},
  journal={arXiv preprint arXiv:1709.01889},
  year={2018}
}

@inproceedings{esteves2019multiView,
  title={Equivariant multi-view networks},
  author={Esteves, Carlos and Xu, Yinshuang and Allen-Blanchette, Christine and Daniilidis, Kostas},
  booktitle={Proceedings of the IEEE/CVF International Conference on Computer Vision},
  pages={1568--1577},
  year={2019}
}

@article{esteves2020spinweighted,
  title={Spin-weighted spherical CNNs},
  author={Esteves, Carlos and Makadia, Ameesh and Daniilidis, Kostas},
  journal={Conference on Neural Information Processing Systems},
  year={2020}
}

@article{falorsi2018explorations,
  title={Explorations in homeomorphic variational auto-encoding},
  author={Falorsi, Luca and de Haan, Pim and Davidson, Tim R and De Cao, Nicola and Weiler, Maurice and Forré, Patrick and Cohen, Taco S},
  journal={arXiv preprint arXiv:1807.04689},
  year={2018}
}

@article{finzi2020probabilistic,
  title={Probabilistic numeric convolutional neural networks},
  author={Finzi, Marc and Bondesan, Roberto and Welling, Max},
  journal={arXiv preprint arXiv:2010.10876},
  year={2020}
}

@article{finzi2020generalizing,
  title={Generalizing convolutional neural networks for equivariance to Lie groups on arbitrary continuous data},
  author={Finzi, Marc and Stanton, Samuel and Izmailov, Pavel and Wilson, Andrew Gordon},
  journal={International Conference on Machine Learning},
  year={2020}
}

@book{forster2012analysis,
  title={Analysis 3- Maß- und Integrationstheorie, Integralsätze im $\mathbb{R}^n$ und Anwendungen},
  author={Forster, Otto},
  year={2012},
  publisher={Springer}
}

% Fix for missing forster2012analysis3 (alternative reference)
@book{forster2012analysis3,
  title={Analysis 3- Maß- und Integrationstheorie, Integralsätze im $\mathbb{R}^n$ und Anwendungen},
  author={Forster, Otto},
  year={2012},
  publisher={Springer}
}

@article{freeman1991design,
  title={The design and use of steerable filters},
  author={Freeman, William and Adelson, Edward},
  journal={IEEE Transactions on Pattern Analysis and Machine Intelligence},
  volume={13},
  number={9},
  pages={891--906},
  year={1991}
}

% FIXED: Remove duplicate 3d_steerableCNNs entry
@inproceedings{3d_steerableCNNs,
  title={3D steerable CNNs: Learning rotationally equivariant features in volumetric data},
  author={Weiler, Maurice and Geiger, Mario and Welling, Max and Boomsma, Wouter and Cohen, Taco S},
  booktitle={Conference on Neural Information Processing Systems (NeurIPS)},
  year={2018}
}

@article{fuchs2021iterative,
  title={Iterative SE(3)-transformers},
  author={Fuchs, Fabian B and Wagstaff, Edward and Dauparas, Justas and Posner, Ingmar},
  journal={arXiv preprint arXiv:2102.13419},
  year={2021}
}

@book{gallier2011geomMethods,
  title={Geometric Methods and Applications for Computer Science and Engineering},
  author={Gallier, Jean},
  year={2011},
  publisher={Springer}
}

@book{gallier2019diffgeom1,
  title={Differential Geometry and Lie Groups- A Computational Perspective},
  author={Gallier, Jean and Quaintance, Jocelyn},
  year={2019},
  publisher={Springer}
}

@book{gallier2019diffgeom2,
  title={Differential Geometry and Lie Groups: A Second Course},
  author={Gallier, Jean and Quaintance, Jocelyn},
  year={2019},
  publisher={Springer}
}

@book{gallier2019harmonicRepr,
  title={Aspects of harmonic analysis and representation theory},
  author={Gallier, Jean and Quaintance, Jocelyn},
  year={2019},
  publisher={World Scientific}
}

@article{ganea2018hyperbolic,
  title={Hyperbolic neural networks},
  author={Ganea, Octavian-Eugen and Bécigneul, Gary and Hofmann, Thomas},
  journal={arXiv preprint arXiv:1805.09112},
  year={2018}
}

@article{ghosh2019scale,
  title={Scale steerable filters for locally scale-invariant convolutional neural networks},
  author={Ghosh, Rohan and Gupta, Anupam K},
  journal={arXiv preprint arXiv:1906.03861},
  year={2019}
}

@inproceedings{gong2019spiralnet++,
  title={Spiralnet++: A fast and highly efficient mesh convolution operator},
  author={Gong, Shunwang and Chen, Lei and Bronstein, Michael and Zafeiriou, Stefanos},
  booktitle={Proceedings of the IEEE/CVF International Conference on Computer Vision Workshops},
  pages={0--0},
  year={2019}
}

@article{graham2020dense,
  title={Dense steerable filter CNNs for exploiting rotational symmetry in histology images},
  author={Graham, Simon and Epstein, David and Rajpoot, Nasir},
  journal={arXiv preprint arXiv:2004.03037},
  year={2020}
}

@article{greydanus2019hamiltonian,
  title={Hamiltonian neural networks},
  author={Greydanus, Sam and Dzamba, Misko and Yosinski, Jason},
  journal={arXiv preprint arXiv:1906.01563},
  year={2019}
}

@article{gulcehre2018hyperbolic,
  title={Hyperbolic attention networks},
  author={Gulcehre, Caglar and Denil, Misha and Malinowski, Mateusz and Razavi, Ali and Pascanu, Razvan and Hermann, Karl Moritz and Battaglia, Peter and Bapst, Victor and Raposo, David and Santoro, Adam and others},
  journal={arXiv preprint arXiv:1805.09786},
  year={2018}
}

@article{guo2020deep,
  title={Deep learning for 3d point clouds: A survey},
  author={Guo, Yulan and Wang, Hanyun and Hu, Qingyong and Liu, Hao and Liu, Li and Bennamoun, Mohammed},
  journal={IEEE transactions on pattern analysis and machine intelligence},
  year={2020}
}

@article{gupta2020rotation,
  title={Rotation equivariant siamese networks for tracking},
  author={Gupta, Deepak K and Arya, Devanshu and Gavves, Efstratios},
  journal={arXiv preprint arXiv:2012.13078},
  year={2020}
}

@book{gurarie1992symmetries,
  title={Symmetries and Laplacians: introduction to harmonic analysis, group representations and applications},
  author={Gurarie, David},
  year={1992},
  publisher={Elsevier science publishers B.V.}
}

@article{haim2018surface,
  title={Surface networks via general covers},
  author={Haim, Niv and Segol, Nimrod and Ben-Hamu, Heli and Maron, Haggai and Lipman, Yaron},
  journal={arXiv preprint arXiv:1812.10705},
  year={2018}
}

@article{han2021redet,
  title={ReDet: A Rotation-equivariant Detector for Aerial Object Detection},
  author={Han, Jiaming and Ding, Jian and Xue, Nan and Xia, Gui-Song},
  journal={arXiv preprint arXiv:2103.07733},
  year={2021}
}

@article{hanocka2019meshcnn,
  title={MeshCNN: a network with an edge},
  author={Hanocka, Rana and Hertz, Amir and Fish, Noa and Giryes, Raja and Fleishman, Shachar and Cohen-Or, Daniel},
  journal={ACM Transactions on Graphics},
  volume={38},
  number={4},
  pages={1--12},
  year={2019},
  publisher={ACM New York, NY, USA}
}

@article{hel1998canonical,
  title={Canonical decomposition of steerable functions},
  author={Hel-Or, Yacov and Teo, Patrick C},
  journal={Journal of Mathematical Imaging and Vision},
  volume={9},
  number={1},
  pages={83--95},
  year={1998}
}

@article{hernandez2021structure,
  title={Structure preserving neural networks},
  author={Hernandez, Quercus and Badias, Alberto and González, David and Chinesta, Francisco and Cueto, Elías},
  journal={Journal of Computational Physics},
  volume={426},
  pages={109950},
  year={2021}
}

@article{hertz2020GeomTextureSynthesis,
  title={Deep geometric texture synthesis},
  author={Hertz, Amir and Hanocka, Rana and Giryes, Raja and Cohen-Or, Daniel},
  journal={ACM Transactions on Graphics (TOG)},
  volume={39},
  number={4},
  pages={108--1},
  year={2020}
}

@article{hoffmann2020algebranets,
  title={Algebranets},
  author={Hoffmann, Jordan and Schmitt, Simon and Osindero, Simon and Simonyan, Karen and Elsen, Erich},
  journal={arXiv preprint arXiv:2006.07360},
  year={2020}
}

@article{holderrieth2020equivariant,
  title={Equivariant Conditional Neural Processes},
  author={Holderrieth, Peter and Hutchinson, Michael and Teh, Yee Whye},
  journal={arXiv preprint arXiv:2011.12916},
  year={2020}
}

% Fix for missing holderrieth2020steerableCNP (alternative reference)
@article{holderrieth2020steerableCNP,
  title={Equivariant Conditional Neural Processes},
  author={Holderrieth, Peter and Hutchinson, Michael and Teh, Yee Whye},
  journal={arXiv preprint arXiv:2011.12916},
  year={2020}
}

@inproceedings{Hoogeboom2018-HEX,
  title={HexaConv},
  author={Hoogeboom, Emiel and Peters, Jorn WT and Cohen, Taco S and Welling, Max},
  booktitle={International Conference on Learning Representations (ICLR)},
  year={2018}
}

@article{horie2020isometric,
  title={Isometric transformation invariant and equivariant graph convolutional networks},
  author={Horie, Masanobu and Morita, Naoki and Ihara, Yu and Mitsume, Naoto},
  journal={arXiv preprint arXiv:2005.06316},
  year={2020}
}

@article{Hsu1982optical,
  title={Optical pattern recognition using circular harmonic expansion},
  author={Hsu, Yuan-Neng and Arsenault, H},
  journal={Applied Optics},
  volume={21},
  number={22},
  pages={4016--4019},
  year={1982}
}

@inproceedings{hu2017spherical,
  title={Deep 360 pilot: Learning a deep agent for piloting through 360◦ sports videos},
  author={Hu, Hou-Ning and Lin, Yen-Chen and Liu, Ming-Yu and Cheng, Hsien-Tzu and Chang, Yung-Ju and Sun, Min},
  booktitle={Conference on Computer Vision and Pattern Recognition (CVPR)},
  year={2017}
}

@article{Huang2018QuadriFlow,
  title={QuadriFlow: A Scalable and Robust Method for Quadrangulation},
  author={Huang, Jingwei and Zhou, Yichao and Niessner, Matthias and Shewchuk, Jonathan Richard and Guibas, Leonidas J},
  journal={Computer Graphics Forum},
  volume={37},
  number={5},
  pages={147--160},
  year={2018},
  doi={10.1111/cgf.13498}
}

@inproceedings{huang2019texturenet,
  title={Texturenet: Consistent local parametrizations for learning from high-resolution signals on meshes},
  author={Huang, Jingwei and Zhang, Haotian and Yi, Li and Funkhouser, Thomas and Nießner, Matthias and Guibas, Leonidas J},
  booktitle={Conference on Computer Vision and Pattern Recognition (CVPR)},
  year={2019}
}

@inproceedings{huang2017riemannian,
  title={A Riemannian network for SPD matrix learning},
  author={Huang, Zhiwu and Van Gool, Luc},
  booktitle={Proceedings of the AAAI Conference on Artificial Intelligence},
  volume={31},
  year={2017}
}

@inproceedings{huang2018grassmann,
  title={Building deep networks on Grassmann manifolds},
  author={Huang, Zhiwu and Wu, Jiqing and Van Gool, Luc},
  booktitle={Proceedings of the AAAI Conference on Artificial Intelligence},
  volume={32},
  year={2018}
}

@book{husemollerFibreBundles1994a,
  title={Fibre Bundles},
  author={Husemöller, Dale},
  number={20},
  series={Graduate Texts in Mathematics},
  edition={3rd ed},
  year={1994},
  publisher={Springer-Verlag, New York},
  isbn={978-0-387-94087-8}
}

@article{hutchinson2020lietransformer,
  title={Lietransformer: Equivariant self-attention for lie groups},
  author={Hutchinson, Michael and Le Lan, Charline and Zaidi, Sheheryar and Dupont, Emilien and Teh, Yee Whye and Kim, Hyunjik},
  journal={arXiv preprint arXiv:2012.10885},
  year={2020}
}

@article{janssen2018design,
  title={Design and processing of invertible orientation scores of 3D images},
  author={Janssen, Michiel and Janssen, Augustus and Bekkers, Erik and Bescós, Javier Oliván and Duits, Remco},
  journal={Journal of Mathematical Imaging and Vision},
  volume={60},
  number={9},
  pages={1427--1458},
  year={2018}
}

@book{jeevanjee2011tensors,
  title={An introduction to tensors and group theory for physicists},
  author={Jeevanjee, Nadir},
  year={2011},
  publisher={Birkhäuser, New York, NY},
  doi={10.1007/978-0-8176-4715-5}
}

% Fix for missing jeevanjee2011reprOp (alternative reference)
@book{jeevanjee2011reprOp,
  title={An introduction to tensors and group theory for physicists},
  author={Jeevanjee, Nadir},
  year={2011},
  publisher={Birkhäuser, New York, NY},
  doi={10.1007/978-0-8176-4715-5}
}

@inproceedings{jiang2019spherical,
  title={Spherical CNNs on unstructured grids},
  author={Jiang, Chiyu and Huang, Jingwei and Kashinath, Karthik and Prabhat and Marcus, Philip and Niessner, Matthias},
  booktitle={International Conference on Learning Representations (ICLR)},
  year={2019}
}

@article{jin2018learning,
  title={Learning facial expressions with 3d mesh convolutional neural network},
  author={Jin, Hai and Lian, Yuanfeng and Hua, Jing},
  journal={ACM Transactions on Intelligent Systems and Technology (TIST)},
  volume={10},
  number={1},
  pages={1--22},
  year={2018}
}

@article{jin2019NPTCnet,
  title={NPTC-net: Narrow-Band Parallel Transport Convolutional Neural Network on Point Clouds},
  author={Jin, Pengfei and Lai, Tianhao and Lai, Rongjie and Dong, Bin},
  journal={arXiv preprint arXiv:1905.12218},
  year={2019}
}

@article{kawano2021group,
  title={Group Equivariant Conditional Neural Processes},
  author={Kawano, Makoto and Kumagai, Wataru and Sannai, Akiyoshi and Iwasawa, Yusuke and Matsuo, Yutaka},
  journal={arXiv preprint arXiv:2102.01887},
  year={2021}
}

@inproceedings{keriven2019universal,
  title={Universal invariant and equivariant graph neural networks},
  author={Keriven, Nicolas and Peyré, Gabriel},
  booktitle={Conference on Neural Information Processing Systems (NeurIPS)},
  year={2019}
}

@article{khasanova2018isometric,
  title={Isometric transformation invariant graph-based deep neural network},
  author={Khasanova, Renata and Frossard, Pascal},
  journal={arXiv preprint arXiv:1808.07366},
  year={2018}
}

@article{kicanaoglu2019gaugeSphere,
  title={Gauge equivariant spherical CNNs},
  author={Kicanaoglu, Berkay and de Haan, Pim and Cohen, Taco},
  journal={arXiv preprint arXiv:1906.04132},
  year={2019}
}

@article{kimmel1998computing,
  title={Computing geodesic paths on manifolds},
  author={Kimmel, Ron and Sethian, James A},
  journal={Proceedings of the national academy of Sciences},
  volume={95},
  number={15},
  pages={8431--8435},
  year={1998}
}

% Fix for missing kimmel1998computingGeodesics (alternative reference)
@article{kimmel1998computingGeodesics,
  title={Computing geodesic paths on manifolds},
  author={Kimmel, Ron and Sethian, James A},
  journal={Proceedings of the national academy of Sciences},
  volume={95},
  number={15},
  pages={8431--8435},
  year={1998}
}

@inproceedings{kingma2015adam,
  title={Adam: A method for stochastic optimization},
  author={Kingma, Diederik and Ba, Jimmy},
  booktitle={International Conference on Learning Representations (ICLR)},
  year={2015}
}

% Fix for missing Kingma2015-yq (alternative reference)
@inproceedings{Kingma2015-yq,
  title={Adam: A method for stochastic optimization},
  author={Kingma, Diederik and Ba, Jimmy},
  booktitle={International Conference on Learning Representations (ICLR)},
  year={2015}
}

@article{kipf2016semi,
  title={Semi-supervised classification with graph convolutional networks},
  author={Kipf, Thomas and Welling, Max},
  journal={International Conference on Learning Representations},
  year={2017}
}

@book{klenke2006probability,
  title={Probability theory: a comprehensive course},
  author={Klenke, Achim},
  year={2006},
  publisher={Springer Science \& Business Media}
}

@book{vilenkin2013representation,
  title={Representation of Lie groups and special functions: Volume 3: Classical and quantum groups and special functions},
  author={Klimyk, Anatolii Ulianovich and Vilenkin, Ja},
  volume={75},
  year={2013},
  publisher={Springer Science \& Business Media}
}

@article{knoppel2013globally,
  title={Globally optimal direction fields},
  author={Knöppel, Felix and Crane, Keenan and Pinkall, Ulrich and Schröder, Peter},
  journal={ACM Trans. Graph.},
  volume={32},
  number={4},
  year={2013}
}

% Fix for missing Knoppel:2013:GOD (alternative reference)
@article{Knoppel:2013:GOD,
  title={Globally optimal direction fields},
  author={Knöppel, Felix and Crane, Keenan and Pinkall, Ulrich and Schröder, Peter},
  journal={ACM Trans. Graph.},
  volume={32},
  number={4},
  year={2013}
}

@book{kobayashi1972transformation,
  title={Transformation Groups in Differential Geometry},
  author={Kobayashi, S},
  series={Ergebnisse der Mathematik und ihrer Grenzgebiete},
  year={1972},
  publisher={Springer-Verlag},
  isbn={9783540058489}
}

@inproceedings{kohler2020equivariant,
  title={Equivariant flows: exact likelihood generative learning for symmetric densities},
  author={Köhler, Jonas and Klein, Leon and Noé, Frank},
  booktitle={International Conference on Machine Learning (ICML)},
  year={2020}
}

@article{Kondor2018-NBN,
  title={N-body networks: a covariant hierarchical neural network architecture for learning atomic potentials},
  author={Kondor, Risi},
  journal={arXiv preprint arXiv:1803.01588},
  year={2018}
}

@inproceedings{Kondor2018-GENERAL,
  title={On the generalization of equivariance and convolution in neural networks to the action of compact groups},
  author={Kondor, Risi and Trivedi, Shubhendu},
  booktitle={International Conference on Machine Learning (ICML)},
  year={2018}
}

@inproceedings{kondor2018ClebschGordan,
  title={Clebsch–Gordan Nets: A Fully Fourier Space Spherical Convolutional Neural Network},
  author={Kondor, Risi and Lin, Zhen and Trivedi, Shubhendu},
  booktitle={Conference on Neural Information Processing Systems (NeurIPS)},
  year={2018}
}

@book{kowalski2010representation,
  title={An introduction to the representation theory of groups},
  author={Kowalski, Emmanuel},
  volume={155},
  year={2010},
  publisher={American Mathematical Society}
}

% Fix for missing kowalski2010introduction (alternative reference)
@book{kowalski2010introduction,
  title={An introduction to the representation theory of groups},
  author={Kowalski, Emmanuel},
  volume={155},
  year={2010},
  publisher={American Mathematical Society}
}

@article{kumagai2020universal,
  title={Universal approximation theorem for equivariant maps by group cnns},
  author={Kumagai, Wataru and Sannai, Akiyoshi},
  journal={arXiv preprint arXiv:2012.13882},
  year={2020}
}

@article{lafarge2020roto,
  title={Roto-translation equivariant convolutional networks: Application to histopathology image analysis},
  author={Lafarge, Maxime and Bekkers, Erik and Pluim, Josien and Duits, Remco and Veta, Mitko},
  journal={Medical Image Analysis},
  volume={68},
  pages={101849},
  year={2021}
}

% Fix for missing lafarge2020rototranslation (alternative reference)
@article{lafarge2020rototranslation,
  title={Roto-translation equivariant convolutional networks: Application to histopathology image analysis},
  author={Lafarge, Maxime and Bekkers, Erik and Pluim, Josien and Duits, Remco and Veta, Mitko},
  journal={Medical Image Analysis},
  volume={68},
  pages={101849},
  year={2021}
}

@article{lai2017semantic,
  title={Semantic-driven generation of hyperlapse from 360 degree video},
  author={Lai, Wei-Sheng and Huang, Yujia and Joshi, Neel and Buehler, Christopher and Yang, Ming-Hsuan and Kang, Sing Bing},
  journal={IEEE transactions on visualization and computer graphics},
  volume={24},
  number={9},
  pages={2610--2621},
  year={2017}
}

@article{lai2009metric,
  title={Metric-driven RoSy fields design and remeshing},
  author={Lai, Yu-Kun and Jin, Miao and Xie, Xuexiang and He, Ying and Palacios, Jonathan and Zhang, Eugene and Hu, Shi-Min and Gu, Xianfeng},
  journal={IEEE Transactions on Visualization and Computer Graphics},
  volume={16},
  number={1},
  pages={95--108},
  year={2010}
}

@inproceedings{lang2020WignerEckart,
  title={A Wigner-Eckart Theorem for Group Equivariant Convolution Kernels},
  author={Lang, Leon and Weiler, Maurice},
  booktitle={International Conference on Learning Representations (ICLR)},
  year={2020},
  url={https://arxiv.org/abs/2010.10952}
}

@inproceedings{Laptev_2016_CVPR,
  title={Ti-pooling: Transformation-invariant pooling for feature learning in convolutional neural networks},
  author={Laptev, Dmitry and Savinov, Nikolay and Buhmann, Joachim M and Pollefeys, Marc},
  booktitle={Conference on Computer Vision and Pattern Recognition (CVPR)},
  year={2016}
}

@inproceedings{LeCun1990CNNs,
  title={Handwritten digit recognition with a back-propagation network},
  author={LeCun, Yann and Boser, Bernhard E and Denker, John S and Henderson, Donnie and Howard, R E and Hubbard, Wayne E and Jackel, Lawrence D},
  booktitle={Conference on Neural Information Processing Systems (NeurIPS)},
  year={1990}
}

@inproceedings{lee2019spherephd,
  title={Spherephd: Applying cnns on a spherical polyhedron representation of 360deg images},
  author={Lee, Yeonkun and Jeong, Jaeseok and Yun, Jongseob and Cho, Wonjune and Yoon, Kuk-Jin},
  booktitle={Proceedings of the IEEE Conference on Computer Vision and Pattern Recognition},
  pages={9181--9189},
  year={2019}
}

@inproceedings{lenssen2018group,
  title={Group equivariant capsule networks},
  author={Lenssen, Jan Eric and Fey, Matthias and Libuschewski, Pascal},
  booktitle={Conference on Neural Information Processing Systems (NeurIPS)},
  year={2018}
}

@inproceedings{li2019crossAtlas,
  title={Cross-atlas convolution for parameterization invariant learning on textured mesh surface},
  author={Li, Shiwei and Luo, Zixin and Zhen, Mingmin and Yao, Yao and Shen, Tianwei and Fang, Tian and Quan, Long},
  booktitle={Conference on Computer Vision and Pattern Recognition (CVPR)},
  year={2019}
}

@article{li2006representing,
  title={Representing higher-order singularities in vector fields on piecewise linear surfaces},
  author={Li, Wan-Chiu and Vallet, Bruno and Ray, Nicolas and Levy, Bruno},
  journal={IEEE Transactions on Visualization and Computer Graphics},
  volume={12},
  number={5},
  pages={1315--1322},
  year={2006}
}

@article{li2020exchangeable,
  title={Exchangeable neural ODE for set modeling},
  author={Li, Yang and Yi, Haidong and Bender, Christopher M and Shan, Siyuan and Oliva, Junier B},
  journal={arXiv preprint arXiv:2008.02676},
  year={2020}
}

@inproceedings{lim2018simple,
  title={A simple approach to intrinsic correspondence learning on unstructured 3d meshes},
  author={Lim, Isaak and Dielen, Alexander and Campen, Marcel and Kobbelt, Leif},
  booktitle={Proceedings of the European Conference on Computer Vision (ECCV) Workshops},
  pages={0--0},
  year={2018}
}

@article{lipman2005linear,
  title={Linear rotation-invariant coordinates for meshes},
  author={Lipman, Yaron and Sorkine, Olga and Levin, David and Cohen-Or, Daniel},
  journal={ACM Transactions on Graphics (TOG)},
  volume={24},
  number={3},
  pages={479--487},
  year={2005}
}

@article{liu2016discreteConnection,
  title={Discrete connection and covariant derivative for vector field analysis and design},
  author={Liu, Beibei and Tong, Yiying and De Goes, Fernando and Desbrun, Mathieu},
  journal={ACM Transactions on Graphics (TOG)},
  volume={35},
  number={3},
  pages={1--17},
  year={2016}
}

@inproceedings{liu2018icoAltAz,
  title={Deep learning 3d shapes using alt-az anisotropic 2-sphere convolution},
  author={Liu, Min and Yao, Fupin and Choi, Chiho and Ayan, Sinha and Ramani, Karthik},
  booktitle={International Conference on Learning Representations (ICLR)},
  year={2019}
}

@article{liu2019hyperbolic,
  title={Hyperbolic graph neural networks},
  author={Liu, Qi and Nickel, Maximilian and Kiela, Douwe},
  journal={arXiv preprint arXiv:1910.12892},
  year={2019}
}

@article{makadia2006rotation,
  title={Rotation recovery from spherical images without correspondences},
  author={Makadia, Ameesh and Daniilidis, Kostas},
  journal={IEEE transactions on pattern analysis and machine intelligence},
  volume={28},
  number={7},
  pages={1170--1175},
  year={2006}
}

@article{mallat2012group,
  title={Group invariant scattering},
  author={Mallat, Stéphane},
  journal={Communications on Pure and Applied Mathematics},
  volume={65},
  number={10},
  pages={1331--1398},
  year={2012}
}

@inproceedings{marcos2016learning,
  title={Learning rotation invariant convolutional filters for texture classification},
  author={Marcos, Diego and Volpi, Michele and Tuia, Devis},
  booktitle={International Conference on Pattern Recognition (ICPR)},
  year={2016}
}

@inproceedings{Marcos2017-VFN,
  title={Rotation equivariant vector field networks},
  author={Marcos, Diego and Volpi, Michele and Komodakis, Nikos and Tuia, Devis},
  booktitle={International Conference on Computer Vision (ICCV)},
  year={2017}
}

@article{marcos2018scale,
  title={Scale equivariance in CNNs with vector fields},
  author={Marcos, Diego and Kellenberger, Benjamin and Lobry, Sylvain and Tuia, Devis},
  journal={arXiv preprint arXiv:1807.11783},
  year={2018}
}

@article{maron2017convolutional,
  title={Convolutional neural networks on surfaces via seamless toric covers},
  author={Maron, Haggai and Galun, Meirav and Aigerman, Noam and Trope, Miri and Dym, Nadav and Yumer, Ersin and Kim, Vladimir G and Lipman, Yaron},
  journal={ACM Trans. Graph.},
  volume={36},
  number={4},
  pages={71--1},
  year={2017}
}

@article{maron2019universality,
  title={On the universality of invariant networks},
  author={Maron, Haggai and Fetaya, Ethan and Segol, Nimrod and Lipman, Yaron},
  journal={arXiv preprint arXiv:1901.09342},
  year={2019}
}

@article{marshGaugeTheoriesFiber2016,
  title={Gauge theories and fiber bundles: Definitions, pictures, and results},
  author={Marsh, Adam},
  journal={arXiv preprint arXiv:1607.03089},
  year={2016}
}

@article{martin2020panoramic,
  title={Panoramic convolutions for 360◦ single-image saliency prediction},
  author={Martin, Daniel and Serrano, Ana and Masia, Belen},
  journal={arXiv preprint arXiv:2008.02996},
  year={2020}
}

@inproceedings{masci2015geodesic,
  title={Geodesic convolutional neural networks on Riemannian manifolds},
  author={Masci, Jonathan and Boscaini, Davide and Bronstein, Michael and Vandergheynst, Pierre},
  booktitle={Proceedings of the IEEE international conference on computer vision workshops},
  year={2015}
}

@techreport{masci2015shapenet,
  title={Shapenet: Convolutional neural networks on non-euclidean manifolds},
  author={Masci, Jonathan and Boscaini, Davide and Bronstein, Michael and Vandergheynst, Pierre},
  year={2015},
  institution={IDIAP}
}

@inproceedings{melzi2018localized,
  title={Localized manifold harmonics for spectral shape analysis},
  author={Melzi, Simone and Rodolà, Emanuele and Castellani, Umberto and Bronstein, Michael M},
  booktitle={Computer Graphics Forum},
  volume={37},
  pages={20--34},
  year={2018},
  organization={Wiley Online Library}
}

@article{mescheder2019occupancyNets,
  title={Occupancy networks: Learning 3d reconstruction in function space},
  author={Mescheder, Lars and Oechsle, Michael and Niemeyer, Michael and Nowozin, Sebastian and Geiger, Andreas},
  journal={Conference on Computer Vision and Pattern Recognition},
  year={2019}
}

@inproceedings{meyer2003discrete,
  title={Discrete differential-geometry operators for triangulated 2-manifolds},
  author={Meyer, Mark and Desbrun, Mathieu and Schröder, Peter and Barr, Alan H},
  booktitle={Visualization and mathematics III},
  pages={35--57},
  year={2003},
  publisher={Springer}
}

@article{milano2020primaldual,
  title={Primal-dual mesh convolutional neural networks},
  author={Milano, Francesco and Loquercio, Antonio and Rosinol, Antoni and Scaramuzza, Davide and Carlone, Luca},
  journal={Conference on Neural Information Processing Systems},
  year={2020}
}

@article{miller2020relevance,
  title={Relevance of rotationally equivariant convolutions for predicting molecular properties},
  author={Miller, Benjamin Kurt and Geiger, Mario and Smidt, Tess E and Noé, Frank},
  journal={arXiv preprint arXiv:2008.08461},
  year={2020}
}

@article{mitchell1987discrete,
  title={The discrete geodesic problem},
  author={Mitchell, Joseph SB and Mount, David M and Papadimitriou, Christos H},
  journal={SIAM Journal on Computing},
  volume={16},
  number={4},
  pages={647--668},
  year={1987}
}

@article{mohamed2020data,
  title={A data and compute efficient design for limited-resources deep learning},
  author={Mohamed, Mirgahney and Cesa, Gabriele and Cohen, Taco and Welling, Max},
  journal={arXiv preprint arXiv:2004.09691},
  year={2020}
}

@article{mondal2020group,
  title={Group equivariant deep reinforcement learning},
  author={Mondal, Arnab Kumar and Nair, Pratheeksha and Siddiqi, Kaleem},
  journal={arXiv preprint arXiv:2007.03437},
  year={2020}
}

@inproceedings{monti2017geometric,
  title={Geometric deep learning on graphs and manifolds using mixture model CNNs},
  author={Monti, Federico and Boscaini, Davide and Masci, Jonathan and Rodola, Emanuele and Svoboda, Jan and Bronstein, Michael},
  booktitle={Conference on Computer Vision and Pattern Recognition (CVPR)},
  year={2017}
}

@inproceedings{naderi2020scale,
  title={Scale equivariant CNNs with scale steerable filters},
  author={Naderi, H and Goli, L and Kasaei, S},
  booktitle={2020 International Conference on Machine Vision and Image Processing (MVIP)},
  year={2020}
}

% Fix for missing naderi2020scalesteerable (alternative reference)
@inproceedings{naderi2020scalesteerable,
  title={Scale equivariant CNNs with scale steerable filters},
  author={Naderi, H and Goli, L and Kasaei, S},
  booktitle={2020 International Conference on Machine Vision and Image Processing (MVIP)},
  year={2020}
}

@book{nakahara2003geometry,
  title={Geometry, topology and physics},
  author={Nakahara, Mikio},
  year={2003},
  publisher={CRC Press}
}

@article{neeb2010differential,
  title={Differential topology of fiber bundles},
  author={Neeb, Karl-Hermann},
  journal={FAU Erlangen-Nuernberg},
  year={2010}
}

@inproceedings{oyallon2015scattering,
  title={Deep roto-translation scattering for object classification},
  author={Oyallon, Edouard and Mallat, Stéphane},
  booktitle={Conference on Computer Vision and Pattern Recognition (CVPR)},
  year={2015}
}

@article{parada2020algebraic,
  title={Algebraic neural networks: Stability properties},
  author={Parada-Mayorga, Alejandro and Ribeiro, Alejandro},
  journal={arXiv preprint arXiv:1905.03680},
  year={2020}
}

@inproceedings{paulsen2018multi,
  title={Multi-view consensus cnn for 3d facial landmark placement},
  author={Paulsen, Rasmus R and Juhl, Kristine Aavild and Haspang, Thilde Marie and Hansen, Thomas and Ganz, Melanie and Einarsson, Gudmundur},
  booktitle={Asian Conference on Computer Vision},
  pages={706--719},
  year={2018},
  organization={Springer}
}

@article{peng2020occupancyCNNs,
  title={Convolutional occupancy networks},
  author={Peng, Songyou and Niemeyer, Michael and Mescheder, Lars and Pollefeys, Marc and Geiger, Andreas},
  journal={arXiv preprint arXiv:2003.04618},
  year={2020}
}

@article{peng2021hyperbolic,
  title={Hyperbolic deep neural networks: A survey},
  author={Peng, Wei and Varanka, Tuomas and Mostafa, Abdelrahman and Shi, Henglin and Zhao, Guoying},
  journal={arXiv preprint arXiv:2101.04562},
  year={2021}
}

@article{perraudin2018DeepSphere,
  title={DeepSphere: Efficient spherical Convolutional Neural Network with HEALPix sampling for cosmological applications},
  author={Perraudin, Nathanaël and Defferrard, Michaël and Kacprzak, Tomasz and Sgier, Raphael},
  journal={arXiv:1810.12186 [astro-ph]},
  year={2018}
}

@article{pfau2020disentangling,
  title={Disentangling by subspace diffusion},
  author={Pfau, David and Higgins, Irina and Botev, Aleksandar and Racanière, Sébastien},
  journal={arXiv preprint arXiv:2006.12982},
  year={2020}
}

@book{piccione2006theory,
  title={The theory of connections and G-structures: applications to affine and isometric immersions},
  author={Piccione, Paolo and Tausk, Daniel V},
  year={2006},
  publisher={IMPA}
}

@article{polthier1998straightest,
  title={Straightest geodesics on polyhedral surfaces},
  author={Polthier, Konrad and Schmies, Markus},
  journal={Mathematical visualization. Heidelberg: Springer Verlag},
  pages={135--50},
  year={1998}
}

@inproceedings{poulenard2018multi,
  title={Multi-directional geodesic neural networks via equivariant convolution},
  author={Poulenard, Adrien and Ovsjanikov, Maks},
  booktitle={SIGGRAPH Asia 2018 Technical Papers},
  pages={236},
  year={2018},
  organization={ACM}
}

@inproceedings{poulenard2019effective,
  title={Effective rotation-invariant point CNN with spherical harmonics kernels},
  author={Poulenard, Adrien and Rakotosaona, Marie-Julie and Ponty, Yann and Ovsjanikov, Maks},
  booktitle={2019 International Conference on 3D Vision (3DV)},
  pages={47--56},
  year={2019},
  organization={IEEE}
}

@inproceedings{qi2017pointnet,
  title={Pointnet: Deep learning on point sets for 3d classification and segmentation},
  author={Qi, Charles and Su, Hao and Mo, Kaichun and Guibas, Leonidas},
  booktitle={Conference on Computer Vision and Pattern Recognition (CVPR)},
  year={2017}
}

@inproceedings{qi2017pointnet++,
  title={Pointnet++: Deep hierarchical feature learning on point sets in a metric space},
  author={Qi, Charles and Yi, Li and Su, Hao and Guibas, Leonidas},
  booktitle={Conference on Neural Information Processing Systems (NeurIPS)},
  year={2017}
}

@inproceedings{qi2016volumetric,
  title={Volumetric and multi-view cnns for object classification on 3d data},
  author={Qi, Charles R and Su, Hao and Nießner, Matthias and Dai, Angela and Yan, Mengyuan and Guibas, Leonidas J},
  booktitle={Proceedings of the IEEE conference on computer vision and pattern recognition},
  pages={5648--5656},
  year={2016}
}

@article{ramasinghe2019representation,
  title={Representation learning on unit ball with 3d roto-translational equivariance},
  author={Ramasinghe, Sameera and Khan, Salman and Barnes, Nick and Gould, Stephen},
  journal={International Journal of Computer Vision},
  pages={1--23},
  year={2019}
}

@article{ravanbakhsh2020universal,
  title={Universal equivariant multilayer perceptrons},
  author={Ravanbakhsh, Siamak},
  journal={International Conference on Machine Learning},
  year={2020}
}

@inproceedings{ravanbakhsh2017equivariance,
  title={Equivariance through parameter-sharing},
  author={Ravanbakhsh, Siamak and Schneider, Jeff and Poczos, Barnabas},
  booktitle={International Conference on Machine Learning (ICML)},
  year={2017}
}

% Fix for missing ravanbakhsh2017EquivarianceParameterSharing (alternative reference)
@inproceedings{ravanbakhsh2017EquivarianceParameterSharing,
  title={Equivariance through parameter-sharing},
  author={Ravanbakhsh, Siamak and Schneider, Jeff and Poczos, Barnabas},
  booktitle={International Conference on Machine Learning (ICML)},
  year={2017}
}

@article{ray2008nSymmDirectionField,
  title={N-symmetry direction field design},
  author={Ray, Nicolas and Vallet, Bruno and Li, Wan Chiu and Lévy, Bruno},
  journal={ACM Transactions on Graphics (TOG)},
  volume={27},
  number={2},
  pages={1--13},
  year={2008}
}

@article{rezende2019equivariant,
  title={Equivariant Hamiltonian flows},
  author={Rezende, Danilo Jimenez and Racanière, Sébastien and Higgins, Irina and Toth, Peter},
  journal={arXiv preprint arXiv:1909.13739},
  year={2019}
}

@article{romero2020group,
  title={Group equivariant stand-alone self-attention for vision},
  author={Romero, David and Cordonnier, Jean-Baptiste},
  journal={arXiv preprint arXiv:2010.00977},
  year={2020}
}

@inproceedings{romero2020coattentive,
  title={Co-attentive equivariant neural networks: Focusing equivariance on transformations co-occurring in data},
  author={Romero, David and Hoogendoorn, Mark},
  booktitle={International Conference on Learning Representations (ICLR)},
  year={2020}
}

@article{romero2020attentive,
  title={Attentive group equivariant convolutional networks},
  author={Romero, David and Bekkers, Erik and Tomczak, Jakub and Hoogendoorn, Mark},
  journal={International Conference on Machine Learning},
  year={2020}
}

@article{romero2020wavelet,
  title={Wavelet networks: Scale equivariant learning from raw waveforms},
  author={Romero, David and Bekkers, Erik and Tomczak, Jakub and Hoogendoorn, Mark},
  journal={arXiv preprint arXiv:2006.05259},
  year={2020}
}

@article{Rosen1988circularHarmonic,
  title={Circular harmonic phase filters for efficient rotation-invariant pattern recognition},
  author={Rosen, Joseph and Shamir, Joseph},
  journal={Applied Optics},
  volume={27},
  number={14},
  pages={2895--2899},
  year={1988}
}

@book{rudin1976principles,
  title={Principles of mathematical analysis},
  author={Rudin, Walter},
  year={1976},
  publisher={McGraw-hill, Inc. New York}
}

% Fix for missing rudin1976analysis (alternative reference)
@book{rudin1976analysis,
  title={Principles of mathematical analysis},
  author={Rudin, Walter},
  year={1976},
  publisher={McGraw-hill, Inc. New York}
}

@article{saff1997distributing,
  title={Distributing many points on a sphere},
  author={Saff, Edward and Kuijlaars, Arno},
  journal={The mathematical intelligencer},
  volume={19},
  number={1},
  pages={5--11},
  year={1997}
}

@article{saito1983scale,
  title={Scale and rotation invariant real time optical correlator using computer generated hologram},
  author={Saito, Yoshiharu and Komatsu, Shin-ichi and Ohzu, Hitoshi},
  journal={Optics Communications},
  volume={47},
  number={1},
  pages={8--11},
  year={1983}
}

@article{sannai2019universal,
  title={Universal approximations of permutation invariant/equivariant functions by deep neural networks},
  author={Sannai, Akiyoshi and Takai, Yuuki and Cordonnier, Matthieu},
  journal={arXiv preprint arXiv:1903.01939},
  year={2019}
}

@article{scaife2021fanaroff,
  title={Fanaroff-riley classification of radio galaxies using group equivariant convolutional neural networks},
  author={Scaife, Anna MM and Porter, Fiona},
  journal={Monthly Notices of the Royal Astronomical Society},
  volume={503},
  number={2},
  pages={2369--2379},
  year={2021}
}

% Fix for missing scaife2021RadioGalaxy (alternative reference)
@article{scaife2021RadioGalaxy,
  title={Fanaroff-riley classification of radio galaxies using group equivariant convolutional neural networks},
  author={Scaife, Anna MM and Porter, Fiona},
  journal={Monthly Notices of the Royal Astronomical Society},
  volume={503},
  number={2},
  pages={2369--2379},
  year={2021}
}

@article{schonsheck2019chart,
  title={Chart auto-encoders for manifold structured data},
  author={Schonsheck, Stefan and Chen, Jie and Lai, Rongjie},
  journal={arXiv preprint arXiv:1912.10094},
  year={2019}
}

@article{schonsheck2018parallel,
  title={Parallel transport convolution: A new tool for convolutional neural networks on manifolds},
  author={Schonsheck, Stefan C and Dong, Bin and Lai, Rongjie},
  journal={arXiv preprint arXiv:1805.07857},
  year={2018}
}

@inproceedings{schroder1995spherical,
  title={Spherical wavelets: Efficiently representing functions on the sphere},
  author={Schröder, Peter and Sweldens, Wim},
  booktitle={Proceedings of the 22nd annual conference on Computer graphics and interactive techniques},
  pages={161--172},
  year={1995}
}

@misc{schullerGeometricalAnatomy2016,
  title={Lectures on the Geometrical Anatomy of Theoretical Physics},
  author={Schuller, Frederic},
  year={2016}
}

@article{segol2020universal,
  title={On universal equivariant set networks},
  author={Segol, Nimrod and Lipman, Yaron},
  journal={International Conference on Learning Representations},
  year={2020}
}

@book{serre1977linear,
  title={Linear representations of finite groups},
  author={Serre, Jean-Pierre},
  year={1977},
  publisher={Springer}
}

@article{Sharp2019VectorHeatMethod,
  title={The vector heat method},
  author={Sharp, Nicholas and Soliman, Yousuf and Crane, Keenan},
  journal={ACM Trans. Graph.},
  volume={38},
  number={3},
  year={2019}
}

@article{sharp2020diffusion,
  title={Diffusion is all you need for learning on surfaces},
  author={Sharp, Nicholas and Attaiki, Souhaib and Crane, Keenan and Ovsjanikov, Maks},
  journal={arXiv preprint arXiv:2012.00888},
  year={2020}
}

@article{shen2020pdo,
  title={PDO-eConvs: Partial differential operator based equivariant convolutions},
  author={Shen, Zhengyang and He, Lingshen and Lin, Zhouchen and Ma, Jinwen},
  journal={International Conference on Machine Learning},
  year={2020}
}

% Fix for missing shen2020PDOeConvs (alternative reference)
@article{shen2020PDOeConvs,
  title={PDO-eConvs: Partial differential operator based equivariant convolutions},
  author={Shen, Zhengyang and He, Lingshen and Lin, Zhouchen and Ma, Jinwen},
  journal={International Conference on Machine Learning},
  year={2020}
}

@article{shen2021pdo,
  title={Pdo-es 2 cnns: Partial differential operator based equivariant spherical cnns},
  author={Shen, Zhengyang and Shen, Tiancheng and Lin, Zhouchen and Ma, Jinwen},
  journal={arXiv preprint arXiv:2106.10114},
  year={2021}
}

@article{shimizu2020hyperbolic,
  title={Hyperbolic neural networks++},
  author={Shimizu, Ryohei and Mukuta, Yusuke and Harada, Tatsuya},
  journal={arXiv preprint arXiv:2006.08210},
  year={2020}
}

@book{shoshichikobayashiFoundationsDifferentialGeometry1963,
  title={Foundations of Differential Geometry (Volume 1)},
  author={Kobayashi, Shoshichi and Nomizu, Katsumi},
  year={1963},
  publisher={Interscience Publishers}
}

@article{shutty2020learning,
  title={Learning irreducible representations of noncommutative lie groups},
  author={Shutty, Noah and Wierzynski, Casimir},
  journal={arXiv preprint arXiv:2006.00724},
  year={2020}
}

@inproceedings{sifre2012combined,
  title={Combined scattering for rotation invariant texture analysis},
  author={Sifre, Laurent and Mallat, Stéphane},
  booktitle={European Symposium on Artificial Neural Networks, Computational Intelligence and Machine Learning (ESANN)},
  volume={44},
  pages={68--81},
  year={2012}
}

@inproceedings{Sifre2013-GSCAT,
  title={Rotation, scaling and deformation invariant scattering for texture discrimination},
  author={Sifre, Laurent and Mallat, Stéphane},
  booktitle={Conference on Computer Vision and Pattern Recognition (CVPR)},
  year={2013}
}

@article{sifre2014rigid,
  title={Rigid-motion scattering for texture classification},
  author={Sifre, Laurent and Mallat, Stéphane},
  journal={arXiv preprint arXiv:1403.1687},
  year={2014}
}

@inproceedings{sinha2016deep,
  title={Deep learning 3d shape surfaces using geometry images},
  author={Sinha, Ayan and Bai, Jing and Ramani, Karthik},
  booktitle={European Conference on Computer Vision (ECCV)},
  year={2016}
}

@article{smets2020pde,
  title={Pde-based group equivariant convolutional neural networks},
  author={Smets, Bart and Portegies, Jim and Bekkers, Erik and Duits, Remco},
  journal={arXiv preprint arXiv:2001.09046},
  year={2020}
}

@article{sommer2019horizontal,
  title={Horizontal flows and manifold stochastics in geometric deep learning},
  author={Sommer, Stefan and Bronstein, Alex},
  journal={arXiv preprint arXiv:1910.14216},
  year={2019}
}

@inproceedings{Sosnovik2020scale,
  title={Scale-equivariant steerable networks},
  author={Sosnovik, Ivan and Szmaja, Michał and Smeulders, Arnold},
  booktitle={International Conference on Learning Representations (ICLR)},
  year={2020}
}

@book{spivak2019calculus,
  title={Calculus},
  author={Spivak, Michael},
  year={2019},
  publisher={Reverté}
}

@book{steenrodTopologyFibreBundles,
  title={The Topology of Fibre Bundles},
  author={Steenrod, Norman},
  year={1951},
  publisher={Princeton University Press}
}

@book{sternberg1999lectures,
  title={Lectures on differential geometry},
  author={Sternberg, Shlomo},
  volume={316},
  year={1999},
  publisher={American Mathematical Soc.}
}

@inproceedings{su2015multi,
  title={Multi-view convolutional neural networks for 3d shape recognition},
  author={Su, Hang and Maji, Subhransu and Kalogerakis, Evangelos and Learned-Miller, Erik},
  booktitle={Proceedings of the IEEE international conference on computer vision},
  pages={945--953},
  year={2015}
}

@inproceedings{su2017spherical,
  title={Learning spherical convolution for fast features from 360 imagery},
  author={Su, Yu-Chuan and Grauman, Kristen},
  booktitle={Conference on Neural Information Processing Systems (NeurIPS)},
  year={2017}
}

@inproceedings{su2019kernel,
  title={Kernel transformer networks for compact spherical convolution},
  author={Su, Yu-Chuan and Grauman, Kristen},
  booktitle={Conference on Computer Vision and Pattern Recognition (CVPR)},
  year={2019}
}

@article{su2020dvconvnet,
  title={DVConvNet: Fully convolutional deep learning on point clouds with dynamic voxelization and 3d group convolution},
  author={Su, Zhaoyu and Tan, Pin Siang and Chow, Junkang and Wu, Jimmy and Cheong, Yehur and Wang, Yu-Hsing},
  journal={arXiv preprint arXiv:2009.02918},
  year={2020}
}

% Fix for missing su2020dv (alternative reference)
@article{su2020dv,
  title={DVConvNet: Fully convolutional deep learning on point clouds with dynamic voxelization and 3d group convolution},
  author={Su, Zhaoyu and Tan, Pin Siang and Chow, Junkang and Wu, Jimmy and Cheong, Yehur and Wang, Yu-Hsing},
  journal={arXiv preprint arXiv:2009.02918},
  year={2020}
}

@article{sun2018zernet,
  title={Zernet: Convolutional neural networks on arbitrary surfaces via zernike local tangent space estimation},
  author={Sun, Zhiyu and Rooke, Ethan and Charton, Jerome and He, Yusen and Lu, Jia and Baek, Stephen},
  journal={Computer Graphics Forum},
  volume={37},
  number={5},
  pages={204--215},
  year={2018}
}

@inproceedings{tatarchenko2018tangent,
  title={Tangent convolutions for dense prediction in 3d},
  author={Tatarchenko, Maxim and Park, Jaesik and Koltun, Vladlen and Zhou, Qian-Yi},
  booktitle={Conference on Computer Vision and Pattern Recognition (CVPR)},
  year={2018}
}

@inproceedings{tateno2018distortion,
  title={Distortion-aware convolutional filters for dense prediction in panoramic images},
  author={Tateno, Keisuke and Navab, Nassir and Tombari, Federico},
  booktitle={European Conference on Computer Vision (ECCV)},
  year={2018}
}

@inproceedings{thomas2019kpconv,
  title={Kpconv: Flexible and deformable convolution for point clouds},
  author={Thomas, Hugues and Qi, Charles R and Deschaud, Jean-Emmanuel and Marcotegui, Beatriz and Goulette, François and Guibas, Leonidas J},
  booktitle={Proceedings of the IEEE/CVF International Conference on Computer Vision},
  pages={6411--6420},
  year={2019}
}

@article{Thomas2018-TFN,
  title={Tensor field networks: Rotation-and translation-equivariant neural networks for 3D point clouds},
  author={Thomas, Nathaniel and Smidt, Tess and Kearnes, Steven and Yang, Lusann and Li, Li and Kohlhoff, Kai and Riley, Patrick},
  journal={arXiv preprint arXiv:1802.08219},
  year={2018}
}

@article{tomboulis2015nonlocal,
  title={Nonlocal and quasilocal field theories},
  author={Tomboulis, ET},
  journal={Physical Review D},
  volume={92},
  number={12},
  pages={125037},
  year={2015}
}

@inproceedings{turk2001texture,
  title={Texture synthesis on surfaces},
  author={Turk, Greg},
  booktitle={Proceedings of the 28th annual conference on Computer graphics and interactive techniques},
  pages={347--354},
  year={2001}
}

@article{vanderpol2020mdp,
  title={MDP homomorphic networks: Group symmetries in reinforcement learning},
  author={van der Pol, Elise and Worrall, Daniel E and van Hoof, Herke and Oliehoek, Frans A and Welling, Max},
  journal={arXiv preprint arXiv:2006.16908},
  year={2020}
}

% Fix for missing vanderPol2020MDP2 (alternative reference)
@article{vanderPol2020MDP2,
  title={MDP homomorphic networks: Group symmetries in reinforcement learning},
  author={van der Pol, Elise and Worrall, Daniel E and van Hoof, Herke and Oliehoek, Frans A and Welling, Max},
  journal={arXiv preprint arXiv:2006.16908},
  year={2020}
}

@inproceedings{venkataraman2020building,
  title={Building deep equivariant capsule networks},
  author={Venkataraman, Sai Raam and Balasubramanian, S and Sarma, R Raghunatha},
  booktitle={International Conference on Learning Representations (ICLR)},
  year={2020}
}

@inproceedings{verma2018feastnet,
  title={Feastnet: Feature-steered graph convolutions for 3d shape analysis},
  author={Verma, Nitika and Boyer, Edmond and Verbeek, Jakob},
  booktitle={Conference on Computer Vision and Pattern Recognition (CVPR)},
  year={2018}
}

@misc{vouga2014lectures,
  title={Lectures in discrete differential geometry 3– discrete surfaces},
  author={Vouga, Etienne},
  year={2014}
}

@article{walters2020trajectory,
  title={Trajectory prediction using equivariant continuous convolution},
  author={Walters, Robin and Li, Jinxi and Yu, Rose},
  journal={arXiv preprint arXiv:2010.11344},
  year={2020}
}

@article{wang2020incorporating,
  title={Incorporating symmetry into deep dynamics models for improved generalization},
  author={Wang, Rui and Walters, Robin and Yu, Rose},
  journal={arXiv preprint arXiv:2002.03061},
  year={2020}
}

@inproceedings{wang2012surfaceReconstruction,
  title={Linear surface reconstruction from discrete fundamental forms on triangle meshes},
  author={Wang, Yuanzhen and Liu, Beibei and Tong, Yiying},
  booktitle={Computer Graphics Forum},
  volume={31},
  pages={2277--2287},
  year={2012},
  organization={Wiley Online Library}
}

@inproceedings{Weiler2019_E2CNN,
  title={General E(2)-equivariant steerable CNNs},
  author={Weiler, Maurice and Cesa, Gabriele},
  booktitle={Conference on Neural Information Processing Systems (NeurIPS)},
  year={2019}
}

@inproceedings{Weiler2018SFCNN,
  title={Learning steerable filters for rotation equivariant CNNs},
  author={Weiler, Maurice and Hamprecht, Fred A and Storath, Martin},
  booktitle={Conference on Computer Vision and Pattern Recognition (CVPR)},
  year={2018}
}

@misc{wendlLectureNotesBundles2008,
  title={Lecture Notes on Bundles and Connections},
  author={Wendl, Chris},
  year={2008},
  url={https://www.mathematik.hu-berlin.de/~wendl/connections.html}
}

@article{Wiersma2020,
  title={CNNs on surfaces using rotation-equivariant features},
  author={Wiersma, Ruben and Eisemann, Elmar and Hildebrandt, Klaus},
  journal={Transactions on Graphics},
  volume={39},
  number={4},
  year={2020},
  month={July},
  doi={10.1145/3386569.3392437}
}

@book{wigner1931gruppentheorie,
  title={Gruppentheorie und ihre Anwendung auf die Quantenmechanik der Atomspektren},
  author={Wigner, Eugene Paul},
  year={1931},
  publisher={Springer}
}

@incollection{wigner1993matrices,
  title={On the matrices which reduce the Kronecker products of representations of S.R. groups},
  author={Wigner, Eugene Paul},
  booktitle={The Collected Works of Eugene Paul Wigner},
  pages={608--654},
  year={1993},
  publisher={Springer}
}

@inproceedings{winkels3DGCNNsPulmonary2018,
  title={3D G-CNNs for pulmonary nodule detection},
  author={Winkels, Marysia and Cohen, Taco S},
  booktitle={Conference on Medical Imaging with Deep Learning (MIDL)},
  year={2018}
}

@inproceedings{Worrall2018-CUBENET,
  title={Cubenet: Equivariance to 3D rotation and translation},
  author={Worrall, Daniel E and Brostow, Gabriel J},
  booktitle={European Conference on Computer Vision (ECCV)},
  year={2018}
}

@inproceedings{Worrall2019DeepScaleSpaces,
  title={Deep scale-spaces: Equivariance over scale},
  author={Worrall, Daniel E and Welling, Max},
  booktitle={Conference on Neural Information Processing Systems (NeurIPS)},
  year={2019}
}

@inproceedings{Worrall2017-HNET,
  title={Harmonic networks: Deep translation and rotation equivariance},
  author={Worrall, Daniel E and Garbin, Stephan J and Turmukhambetov, Daniyar and Brostow, Gabriel J},
  booktitle={Conference on Computer Vision and Pattern Recognition (CVPR)},
  year={2017}
}

@inproceedings{yang2020rotation,
  title={Rotation equivariant graph convolutional network for spherical image classification},
  author={Yang, Qin and Li, Chenglin and Dai, Wenrui and Zou, Junni and Qi, Guo-Jun and Xiong, Hongkai},
  booktitle={Conference on Computer Vision and Pattern Recognition (CVPR)},
  year={2020}
}

@inproceedings{Yang2020parallelFrameCNN,
  title={PFCNN: Convolutional neural networks on 3d surfaces using parallel frames},
  author={Yang, Yuqi and Liu, Shilin and Pan, Hao and Liu, Yang and Tong, Xin},
  booktitle={Conference on Computer Vision and Pattern Recognition (CVPR)},
  year={2020},
  month={June}
}

@article{yarotsky2018universal,
  title={Universal approximations of invariant maps by neural networks},
  author={Yarotsky, Dmitry},
  journal={arXiv preprint arXiv:1804.10306},
  year={2018}
}

@article{yepez2011einstein,
  title={Einstein's vierbein field theory of curved space},
  author={Yepez, Jeffrey},
  journal={arXiv preprint arXiv:1106.2037},
  year={2011}
}

@inproceedings{ying2001texture,
  title={Texture and shape synthesis on surfaces},
  author={Ying, Lexing and Hertzmann, Aaron and Biermann, Henning and Zorin, Denis},
  booktitle={Eurographics Workshop on Rendering Techniques},
  pages={301--312},
  year={2001},
  organization={Springer}
}

@article{zhang2019quaternion,
  title={3d-rotation-equivariant quaternion neural networks},
  author={Zhang, Binbin and Shen, Wen and Huang, Shikun and Wei, Zhihua and Zhang, Quanshi},
  journal={arXiv preprint arXiv:1911.09040},
  year={2019}
}

@inproceedings{zhang2019orientation,
  title={Orientation-aware semantic segmentation on icosahedron spheres},
  author={Zhang, Chao and Liwicki, Stephan and Smith, William and Cipolla, Roberto},
  booktitle={Conference on Computer Vision and Pattern Recognition (CVPR)},
  year={2019}
}

@article{zhang2006vectorFieldDesign,
  title={Vector field design on surfaces},
  author={Zhang, Eugene and Mischaikow, Konstantin and Turk, Greg},
  journal={ACM Transactions on Graphics (ToG)},
  volume={25},
  number={4},
  pages={1294--1326},
  year={2006}
}

@inproceedings{zhang2019CNNsShiftInvariant,
  title={Making convolutional networks shift-invariant again},
  author={Zhang, Richard},
  booktitle={International Conference on Machine Learning (ICML)},
  year={2019}
}

@inproceedings{zhao2018distortion,
  title={Distortion-aware CNNs for spherical images},
  author={Zhao, Qiang and Zhu, Chen and Dai, Feng and Ma, Yike and Jin, Guoqing and Zhang, Yongdong},
  booktitle={IJCAI},
  year={2018}
}

@article{zhao2019quaternion,
  title={Quaternion equivariant capsule networks for 3d point clouds},
  author={Zhao, Yongheng and Birdal, Tolga and Lenssen, Jan Eric and Menegatti, Emanuele and Guibas, Leonidas and Tombari, Federico},
  journal={arXiv preprint arXiv:1912.12098},
  year={2019}
}

@article{zhou2016gauge,
  title={Gauge aspect of tetrad field in gravity},
  author={Zhou, Tao},
  journal={arXiv preprint arXiv:1603.07571},
  year={2016}
}

@inproceedings{zhou2017oriented,
  title={Oriented response networks},
  author={Zhou, Yanzhao and Ye, Qixiang and Qiu, Qiang and Jiao, Jianbin},
  booktitle={Conference on Computer Vision and Pattern Recognition (CVPR)},
  year={2017}
}

@article{zhu2019scale,
  title={Scale-equivariant neural networks with decomposed convolutional filters},
  author={Zhu, Wei and Qiu, Qiang and Calderbank, Robert and Sapiro, Guillermo and Cheng, Xiuyuan},
  journal={arXiv preprint arXiv:1909.11193},
  year={2019}
}

% Additional entries for missing citations that appear in the error log

@misc{GOD,
  title={Globally Optimal Direction Fields},
  note={Reference appears to be incomplete in original document}
}

@misc{ambiguity_reconstruction_isometry,
  title={Ambiguity in Reconstruction under Isometry},
  note={Reference appears to be incomplete in original document}
}

@misc{LeviCivita_isometry_invariance,
  title={Levi-Civita Isometry Invariance},
  note={Reference appears to be incomplete in original document}
}